@article{Thomson:1897cm,
    author = "Thomson, J. J.",
    title = "{Cathode rays}",
    doi = "10.1080/14786449708621070",
    journal = "Phil. Mag. Ser. 5",
    volume = "44",
    pages = "293--316",
    year = "1897"
}

@article{Rutherford:1911zz,
    author = "Rutherford, E.",
    title = "{The scattering of alpha and beta particles by matter and the structure of the atom}",
    doi = "10.1080/14786440508637080",
    journal = "Phil. Mag. Ser. 6",
    volume = "21",
    pages = "669--688",
    year = "1911"
}

@article{Rutherford:1919fnt,
    author = "Rutherford, E.",
    title = "{Collision of \ensuremath{\alpha} particles with light atoms. IV. An anomalous effect in nitrogen}",
    doi = "10.1080/14786431003659230",
    journal = "Phil. Mag. Ser. 6",
    volume = "37",
    pages = "581--587",
    year = "1919"
}

@article{deBroglie:1924ldk,
    author = "de Broglie, Louis Victor Pierre Raymond",
    title = "{Recherches sur la th\'eorie des quanta}",
    journal = "Annals Phys.",
    volume = "2",
    pages = "22--128",
    year = "1925"
}

@article{Chadwick:1932ma,
    author = "Chadwick, J.",
    title = "{Possible Existence of a Neutron}",
    doi = "10.1038/129312a0",
    journal = "Nature",
    volume = "129",
    pages = "312",
    year = "1932"
}

@article{Einstein:1905cc,
    author = "Einstein, Albert",
    title = "{Concerning an heuristic point of view toward the emission and transformation of light}",
    journal = "Annalen Phys.",
    volume = "17",
    pages = "132--148",
    year = "1905"
}

@article{Schrodinger:1926gei,
    author = {Schr\"odinger, E.},
    title = "{Quantisierung als Eigenwertproblem}",
    doi = "10.1002/andp.19263840404",
    journal = "Annalen Phys.",
    volume = "384",
    number = "4",
    pages = "361--376",
    year = "1926"
}

@article{Born:1926uzf,
    author = "Born, M. and Heisenberg, W. and Jordan, P.",
    title = "{Zur Quantenmechanik. II.}",
    doi = "10.1007/BF01379806",
    journal = "Z. Phys.",
    volume = "35",
    number = "8-9",
    pages = "557--615",
    year = "1926"
}

@article{Einstein:1905ve,
    author = "Einstein, Albert",
    title = "{On the electrodynamics of moving bodies}",
    doi = "10.1002/andp.200590006",
    journal = "Annalen Phys.",
    volume = "17",
    pages = "891--921",
    year = "1905"
}

@article{Dirac:1928hu,
    author = "Dirac, Paul A. M.",
    title = "{The quantum theory of the electron}",
    doi = "10.1098/rspa.1928.0023",
    journal = "Proc. Roy. Soc. Lond. A",
    volume = "117",
    pages = "610--624",
    year = "1928"
}

@article{Dirac:1930ek,
    author = "Dirac, P. A. M.",
    title = "{A Theory of Electrons and Protons}",
    doi = "10.1098/rspa.1930.0013",
    journal = "Proc. Roy. Soc. Lond. A",
    volume = "126",
    number = "801",
    pages = "360--365",
    year = "1930"
}

@article{Weyl:1929fm,
    author = "Weyl, H.",
    title = "{Electron and Gravitation. 1. (In German)}",
    doi = "10.1007/BF01339504",
    journal = "Z. Phys.",
    volume = "56",
    pages = "330--352",
    year = "1929"
}

@article{Anderson:1932zz,
    author = "Anderson, Carl D.",
    title = "{The Apparent Existence of Easily Deflectable Positives}",
    doi = "10.1126/science.76.1967.238",
    journal = "Science",
    volume = "76",
    pages = "238--239",
    year = "1932"
}

@article{Riordan:1992hr,
    author = "Riordan, E. M.",
    title = "{The Discovery of quarks}",
    reportNumber = "SLAC-PUB-5724",
    doi = "10.1126/science.256.5061.1287",
    journal = "Science",
    volume = "256",
    pages = "1287--1293",
    year = "1992"
}

@article{Gell-Mann:1964ewy,
    author = "Gell-Mann, Murray",
    title = "{A Schematic Model of Baryons and Mesons}",
    doi = "10.1016/S0031-9163(64)92001-3",
    journal = "Phys. Lett.",
    volume = "8",
    pages = "214--215",
    year = "1964"
}

@article{Zweig:1964ruk,
    author = "Zweig, G.",
    title = "{An SU(3) model for strong interaction symmetry and its breaking. Version 1}",
    reportNumber = "CERN-TH-401",
    month = "1",
    year = "1964"
}

@article{E598:1974sol,
    author = "{Aubert, J. J. \textit{et. al.}}",
    collaboration = "E598",
    title = "{Experimental Observation of a Heavy Particle $J$}",
    reportNumber = "COO-3069-271",
    doi = "10.1103/PhysRevLett.33.1404",
    journal = "Phys. Rev. Lett.",
    volume = "33",
    pages = "1404--1406",
    year = "1974"
}

@article{E288:1977xhf,
    author = "{Herb, S. W. \textit{et. al.}}",
    collaboration = "E288",
    title = "{Observation of a Dimuon Resonance at 9.5-GeV in 400-GeV Proton-Nucleus Collisions}",
    reportNumber = "FERMILAB-PUB-77-058-E, PRINT-77-0640 (COLUMBIA)",
    doi = "10.1103/PhysRevLett.39.252",
    journal = "Phys. Rev. Lett.",
    volume = "39",
    pages = "252--255",
    year = "1977"
}

@article{D0:1995jca,
    author = "{Abachi, S. \textit{et. al.}}",
    collaboration = "D0",
    title = "{Observation of the top quark}",
    eprint = "hep-ex/9503003",
    archivePrefix = "arXiv",
    reportNumber = "FERMILAB-PUB-95-028-E, D0-2698, D0-PUB-95-7",
    doi = "10.1103/PhysRevLett.74.2632",
    journal = "Phys. Rev. Lett.",
    volume = "74",
    pages = "2632--2637",
    year = "1995"
}

@article{CMS:WeakMixingAngleMeasurement,
  author          = {CMS Collaboration},
  journal         = {arXiv:1806.00863},
  title           = {{Measurement of the weak mixing angle using the forward-backward asymmetry of Drell-Yan events in pp collisions at 8 TeV}},
  year            = {2018}
}

@article{Wu:1957my,
    author = "Wu, C. S. and Ambler, E. and Hayward, R. W. and Hoppes, D. D. and Hudson, R. P.",
    title = "{Experimental Test of Parity Conservation in $\beta$ Decay}",
    doi = "10.1103/PhysRev.105.1413",
    journal = "Phys. Rev.",
    volume = "105",
    pages = "1413--1414",
    year = "1957"
}

@article{Higgs:1964pj,
    author = "Higgs, Peter W.",
    editor = "Taylor, J. C.",
    title = "{Broken Symmetries and the Masses of Gauge Bosons}",
    doi = "10.1103/PhysRevLett.13.508",
    journal = "Phys. Rev. Lett.",
    volume = "13",
    pages = "508--509",
    year = "1964"
}

@article{UA1:WBosonDiscovery,
  author          = {UA1 Collaboration},
  journal         = {Physics Letters B},
  title           = {{Experimental observation of isolated large transverse energy electrons with associated missing energy at $\sqrt{s} = 540$ GeV}},
  volume          = {122},
  year            = {1983}
}

@article{ATLAS:WMassMeasurement,
    collaboration = "ATLAS",
    title = "{Improved W boson Mass Measurement using 7 TeV Proton-Proton Collisions with the ATLAS Detector}",
    reportNumber = "ATLAS-CONF-2023-004",
    year = "2023"
}

@article{CMS:ZMassMeasurement,
    collaboration = "CMS",
    title = "{W-like measurement of the Z boson mass using dimuon events collected in pp collisions at $\sqrt{s} = 7~\mathrm{TeV}$}",
    reportNumber = "CMS-PAS-SMP-14-007",
    year = "2016"
}

@article{Nisati:2015iwc,
    author = "Nisati, A. and Tonelli, G.",
    title = "{The discovery of the Higgs boson at the Large Hadron Collider}",
    doi = "10.1393/ncr/i2015-10118-8",
    journal = "Riv. Nuovo Cim.",
    volume = "38",
    number = "11",
    pages = "507--573",
    year = "2015"
}

@article{Jungman:1995df,
    author = "Jungman, Gerard and Kamionkowski, Marc and Griest, Kim",
    title = "{Supersymmetric dark matter}",
    eprint = "hep-ph/9506380",
    archivePrefix = "arXiv",
    reportNumber = "SU-4240-605, UCSD-PTH-95-02, IASSNS-HEP-95-14, CU-TP-677",
    doi = "10.1016/0370-1573(95)00058-5",
    journal = "Phys. Rept.",
    volume = "267",
    pages = "195--373",
    year = "1996"
}

@article{Dienes:1998vh,
    author = "Dienes, Keith R. and Dudas, Emilian and Gherghetta, Tony",
    title = "{Extra space-time dimensions and unification}",
    eprint = "hep-ph/9803466",
    archivePrefix = "arXiv",
    reportNumber = "CERN-TH-98-065",
    doi = "10.1016/S0370-2693(98)00977-0",
    journal = "Phys. Lett. B",
    volume = "436",
    pages = "55--65",
    year = "1998"
}

@article{Arkani-Hamed:2002ikv,
    author = "Arkani-Hamed, N. and Cohen, A. G. and Katz, E. and Nelson, A. E.",
    title = "{The Littlest Higgs}",
    eprint = "hep-ph/0206021",
    archivePrefix = "arXiv",
    reportNumber = "UW-PT-01-07, HUTP-02-A017, BUHEP-02-23",
    doi = "10.1088/1126-6708/2002/07/034",
    journal = "JHEP",
    volume = "07",
    pages = "034",
    year = "2002"
}

@article{CMS:2022dwd,
    author = "{Tumasyan, Armen \textit{et. al.}}",
    collaboration = "CMS",
    title = "{A portrait of the Higgs boson by the CMS experiment ten years after the discovery}",
    eprint = "2207.00043",
    archivePrefix = "arXiv",
    primaryClass = "hep-ex",
    reportNumber = "CMS-HIG-22-001, CERN-EP-2022-039",
    doi = "10.1038/s41586-022-04892-x",
    journal = "Nature",
    volume = "607",
    number = "7917",
    pages = "60--68",
    year = "2022"
}

@article{Bertone:2004pz,
    author = "Bertone, Gianfranco and Hooper, Dan and Silk, Joseph",
    title = "{Particle dark matter: Evidence, candidates and constraints}",
    eprint = "hep-ph/0404175",
    archivePrefix = "arXiv",
    reportNumber = "FERMILAB-PUB-04-047-A",
    doi = "10.1016/j.physrep.2004.08.031",
    journal = "Phys. Rept.",
    volume = "405",
    pages = "279--390",
    year = "2005"
}

@article{Zwicky:1933gu,
    author = "Zwicky, F.",
    title = "{Die Rotverschiebung von extragalaktischen Nebeln}",
    doi = "10.1007/s10714-008-0707-4",
    journal = "Helv. Phys. Acta",
    volume = "6",
    pages = "110--127",
    year = "1933"
}

@article{Mellier:1998pk,
    author = "Mellier, Yannick",
    title = "{Probing the universe with weak lensing}",
    eprint = "astro-ph/9812172",
    archivePrefix = "arXiv",
    doi = "10.1146/annurev.astro.37.1.127",
    journal = "Ann. Rev. Astron. Astrophys.",
    volume = "37",
    pages = "127--189",
    year = "1999"
}

@article{XENON:2017vdw,
    author = "{Aprile, E. \textit{et. al.}}",
    collaboration = "XENON",
    title = "{First Dark Matter Search Results from the XENON1T Experiment}",
    eprint = "1705.06655",
    archivePrefix = "arXiv",
    primaryClass = "astro-ph.CO",
    doi = "10.1103/PhysRevLett.119.181301",
    journal = "Phys. Rev. Lett.",
    volume = "119",
    number = "18",
    pages = "181301",
    year = "2017"
}

@article{Angloher:2011uu,
    author = "{Angloher, G. \textit{et. al.}}",
    title = "{Results from 730 kg days of the CRESST-II Dark Matter Search}",
    eprint = "1109.0702",
    archivePrefix = "arXiv",
    primaryClass = "astro-ph.CO",
    doi = "10.1140/epjc/s10052-012-1971-8",
    journal = "Eur. Phys. J. C",
    volume = "72",
    pages = "1971",
    year = "2012"
}

@article{SuperCDMS:2017nns,
    author = "{Agnese, R. \textit{et. al.}}",
    collaboration = "SuperCDMS",
    title = "{Low-mass dark matter search with CDMSlite}",
    eprint = "1707.01632",
    archivePrefix = "arXiv",
    primaryClass = "astro-ph.CO",
    reportNumber = "FERMILAB-PUB-17-265-AE",
    doi = "10.1103/PhysRevD.97.022002",
    journal = "Phys. Rev. D",
    volume = "97",
    number = "2",
    pages = "022002",
    year = "2018"
}

@article{LUX:2015abn,
    author = "{Akerib, D. S. \textit{et. al.}}",
    collaboration = "LUX",
    title = "{Improved Limits on Scattering of Weakly Interacting Massive Particles from Reanalysis of 2013 LUX Data}",
    eprint = "1512.03506",
    archivePrefix = "arXiv",
    primaryClass = "astro-ph.CO",
    doi = "10.1103/PhysRevLett.116.161301",
    journal = "Phys. Rev. Lett.",
    volume = "116",
    number = "16",
    pages = "161301",
    year = "2016"
}

@article{PandaX-II:2016vec,
    author = "{Tan, Andi \textit{et. al.}}",
    collaboration = "PandaX-II",
    title = "{Dark Matter Results from First 98.7 Days of Data from the PandaX-II Experiment}",
    eprint = "1607.07400",
    archivePrefix = "arXiv",
    primaryClass = "hep-ex",
    doi = "10.1103/PhysRevLett.117.121303",
    journal = "Phys. Rev. Lett.",
    volume = "117",
    number = "12",
    pages = "121303",
    year = "2016"
}

@article{Fermi-LAT:2011vow,
    author = "{Ackermann, M. \textit{et. al.}}",
    collaboration = "Fermi-LAT",
    title = "{Constraining Dark Matter Models from a Combined Analysis of Milky Way Satellites with the Fermi Large Area Telescope}",
    eprint = "1108.3546",
    archivePrefix = "arXiv",
    primaryClass = "astro-ph.HE",
    reportNumber = "SLAC-PUB-15004",
    doi = "10.1103/PhysRevLett.107.241302",
    journal = "Phys. Rev. Lett.",
    volume = "107",
    pages = "241302",
    year = "2011"
}

@article{Iovine:2022aiw,
    author = "Iovine, Nad\`ege",
    collaboration = "IceCube",
    title = "{Dark matter searches in the centre of the Milky Way with IceCube}",
    doi = "10.22323/1.414.0311",
    journal = "PoS",
    volume = "ICHEP2022",
    pages = "311",
    year = "2022"
}

@article{1988ApJ...332...75N,
    author = {{Narasimha}, D. and {Chitre}, S.~M.},
    title = "{Giant Luminous Arcs in Galaxy Clusters}",
  journal = {The Astrophysical Journal},
  keywords = {GALAXIES: CLUSTERING, GRAVITATIONAL LENSES, NEBULAE: GENERAL},
      year = 1988,
    month = sep,
    volume = {332},
    pages = {75},
      doi = {10.1086/166630},
    adsurl = {https://ui.adsabs.harvard.edu/abs/1988ApJ...332...75N},
  adsnote = {Provided by the SAO/NASA Astrophysics Data System}
}



@article{Hu:1995kot,
    author = "Hu, Wayne and Sugiyama, Naoshi and Silk, Joseph",
    title = "{The Physics of microwave background anisotropies}",
    eprint = "astro-ph/9604166",
    archivePrefix = "arXiv",
    reportNumber = "IASSNS-AST-96-30",
    doi = "10.1038/386037a0",
    journal = "Nature",
    volume = "386",
    pages = "37--43",
    year = "1997"
}

@book{Profumo:2017hqp,
    author = "Profumo, Stefano",
    title = "{An Introduction to Particle Dark Matter}",
    doi = "10.1142/q0001",
    isbn = "978-1-78634-000-9, 978-1-78634-001-6, 978-1-78634-001-6",
    publisher = "World Scientific",
    year = "2017"
}

@article{Argyropoulos:2021sav,
    author = "Argyropoulos, Spyros and Brandt, Oleg and Haisch, Ulrich",
    title = "{Collider Searches for Dark Matter through the Higgs Lens}",
    eprint = "2109.13597",
    archivePrefix = "arXiv",
    primaryClass = "hep-ph",
    doi = "10.3390/sym13122406",
    journal = "Symmetry",
    volume = "13",
    number = "12",
    pages = "2406",
    year = "2021"
}

@book{Thomson:2013zua,
    author = "Thomson, Mark",
    title = "{Modern particle physics}",
    doi = "10.1017/CBO9781139525367",
    isbn = "978-1-107-03426-6",
    publisher = "Cambridge University Press",
    address = "New York",
    year = "2013"
}

@article{Djouadi:2011aa,
    author = "Djouadi, Abdelhak and Lebedev, Oleg and Mambrini, Yann and Quevillon, Jeremie",
    title = "{Implications of LHC searches for Higgs--portal dark matter}",
    eprint = "1112.3299",
    archivePrefix = "arXiv",
    primaryClass = "hep-ph",
    reportNumber = "DESY-11-240, LPT-ORSAY-11-117",
    doi = "10.1016/j.physletb.2012.01.062",
    journal = "Phys. Lett. B",
    volume = "709",
    pages = "65--69",
    year = "2012"
}

@article{Djouadi:2005gi,
    author = "Djouadi, Abdelhak",
    title = "{The Anatomy of electro-weak symmetry breaking. I: The Higgs boson in the standard model}",
    eprint = "hep-ph/0503172",
    archivePrefix = "arXiv",
    reportNumber = "LPT-ORSAY-05-17",
    doi = "10.1016/j.physrep.2007.10.004",
    journal = "Phys. Rept.",
    volume = "457",
    pages = "1--216",
    year = "2008"
}

@article{CMS:2021far,
    author = "{Tumasyan, Armen \textit{et. al.}}",
    collaboration = "CMS",
    title = "{Search for new particles in events with energetic jets and large missing transverse momentum in proton-proton collisions at $ \sqrt{s} $ = 13 TeV}",
    eprint = "2107.13021",
    archivePrefix = "arXiv",
    primaryClass = "hep-ex",
    reportNumber = "CMS-EXO-20-004, CERN-EP-2021-136",
    doi = "10.1007/JHEP11(2021)153",
    journal = "JHEP",
    volume = "11",
    pages = "153",
    year = "2021"
}

@article{CMS:2023sdw,
    collaboration = "CMS",
    title = "{A search for decays of the Higgs boson to invisible particles in events with a top-antitop quark pair or a vector boson in proton-proton collisions at $\sqrt{s}$ = 13 TeV}",
    eprint = "2303.01214",
    archivePrefix = "arXiv",
    primaryClass = "hep-ex",
    reportNumber = "CMS-HIG-21-007, CERN-EP-2023-004",
    month = "3",
    year = "2023"
}

@article{CMS:2018yfx,
    author = "{Sirunyan, Albert M \textit{et. al.}}",
    collaboration = "CMS",
    title = "{Search for invisible decays of a Higgs boson produced through vector boson fusion in proton-proton collisions at $\sqrt{s} =$ 13 TeV}",
    eprint = "1809.05937",
    archivePrefix = "arXiv",
    primaryClass = "hep-ex",
    reportNumber = "CMS-HIG-17-023, CERN-EP-2018-139",
    doi = "10.1016/j.physletb.2019.04.025",
    journal = "Phys. Lett. B",
    volume = "793",
    pages = "520--551",
    year = "2019"
}

@misc{LHCAcceleratorComplex,
  author       = {CERN},
  howpublished = {\url{https://home.cern/science/accelerators/accelerator-complex}},
  title        = {CERN Accelerator Complex}
}

@misc{detector:cms_overall,
  author       = {CMS Collaboration},
  howpublished = {\url{https://cms.cern/news/cms-detector-design}},
  title        = {CMS Detector Design}
}

@article{lumi:2016,
  author          = {CMS Collaboration},
  journal         = {European Physical Journal C},
  number          = {800 (2021)},
  title           = {Precision luminosity measurement in proton-proton collisions at $\sqrt{s}$ = 13 {TeV} in 2015 and 2016 at {CMS}},
  volume          = {81},
  year            = {2021}
}

@misc{lumi:2017,
  author       = {CMS Collaboration},
  howpublished = {\url{https://cds.cern.ch/record/2621960}},
  title        = {{{CMS} luminosity measurement for the 2017 data-taking period at $\sqrt{s} = 13$ TeV}},
  year         = {2018}
}

@misc{lumi:2018,
  author       = {CMS Collaboration},
  howpublished = {\url{https://cds.cern.ch/record/2676164}},
  title        = {{{CMS} luminosity measurement for the 2018 data-taking period at $\sqrt{s} = 13$ TeV}},
  year         = {2019}
}

@article{cms:l1_paper,
  author          = {CMS Collaboration},
  journal         = {Journal of Instrumentation},
  number          = {P10017},
  title           = {{Performance of the {CMS} {Level-1} trigger in proton-proton collisions at $\sqrt{s} = 13$ TeV}},
  volume          = {15},
  year            = {2020}
}

@article{cms:hlt_paper,
  author          = {CMS Collaboration},
  journal         = {Journal of Instrumentation},
  number          = {P01020},
  title           = {The {CMS} trigger system},
  volume          = {12},
  year            = {2017}
}

@article{cms:elepho_paper,
  author          = {CMS Collaboration},
  journal         = {Journal of Instrumentation},
  number          = {P05014},
  title           = {Electron and photon reconstruction and identification with the {CMS} experiment at the {CERN LHC}},
  volume          = {16},
  year            = {2021}
}

@article{cms:muon_paper,
  author          = {CMS Collaboration},
  journal         = {Journal of Instrumentation},
  number          = {P06015},
  title           = {{Performance of the {CMS} muon detector and muon reconstruction with proton-proton collisions at $\sqrt{s} = 13$ TeV}},
  volume          = {13},
  year            = {2018}
}

@article{cms:vertex_paper,
  author          = {CMS Collaboration},
  journal         = {Journal of Instrumentation},
  number          = {P10009},
  title           = {Description and performance of track and primary-vertex reconstruction with the {CMS} tracker},
  volume          = {9},
  year            = {2014}
}

@article{cms:tracker_upgrade,
  author          = {CMS Collaboration},
  journal         = {Journal of Instrumentation},
  number          = {P02027},
  title           = {The {CMS} phase-1 pixel detector upgrade},
  volume          = {16},
  year            = {2021}
}

@article{cms:cms_experiment,
  author          = {CMS Collaboration},
  journal         = {Journal of Instrumentation},
  number          = {S08004},
  title           = {The {CMS} experiment at the {CERN LHC}},
  volume          = {3},
  year            = {2008}
}

@article{cms:particle_flow,
  author          = {CMS Collaboration},
  journal         = {Journal of Instrumentation},
  number          = {P10003},
  title           = {Particle-flow reconstruction and global event description with the {CMS} detector},
  volume          = {12},
  year            = {2017}
}

@misc{cms:phase2_upgrade,
  author       = {CMS Collaboration},
  howpublished = {\url{http://cds.cern.ch/record/2020886}},
  title        = {Technical Proposal for the Phase-{II} Upgrade of the {CMS} Detector},
  year         = {2015}
}

@Article{Cacciari:2008gp,
     AUTHOR    = "Cacciari, Matteo and Salam, Gavin P. and Soyez, Gregory",
     TITLE     = "The anti-$k_t$ jet clustering algorithm",
     JOURNAL   = "JHEP",
     VOLUME    = "04",
     YEAR      = "2008",
     PAGES     = "063",
     doi       = "10.1088/1126-6708/2008/04/063",
     eprint         = "0802.1189",
     archivePrefix  = "arXiv",
     primaryClass   = "hep-ex",
}

@article{CMS:2014ata,
    collaboration = "CMS",
    title = "{Pileup Removal Algorithms}",
    reportNumber = "CMS-PAS-JME-14-001",
    year = "2014"
}

@article{Cacciari:2011ma,
      author         = "Cacciari, Matteo and Salam, Gavin P. and Soyez, Gregory",
      title          = "{FastJet user manual}",
      journal        = "Eur. Phys. J. C",
      volume         = "72",
      pages          = "1896",
      doi            = "10.1140/epjc/s10052-012-1896-2",
      year           = "2012",
      eprint         = "1111.6097",
      archivePrefix  = "arXiv",
      primaryClass   = "hep-ph",
      reportNumber   = "CERN-PH-TH-2011-297",
}

@article{Khachatryan:2016kdb,
      author         = "{Khachatryan, Vardan \textit{et. al.}}",
      title          = "{Jet energy scale and resolution in the CMS experiment in pp collisions at 8 TeV}",
      collaboration  = "CMS",
      journal        = "JINST",
      volume         = "12",
      year           = "2017",
      pages          = "P02014",
      doi            = "10.1088/1748-0221/12/02/P02014",
      eprint         = "1607.03663",
      archivePrefix  = "arXiv",
      primaryClass   = "hep-ex",
      reportNumber   = "CMS-JME-13-004, CERN-PH-EP-2015-305",
}

@misc{CMS:JME_jetId,
  author       = {CMS JME POG},
  howpublished = {\url{https://twiki.cern.ch/twiki/bin/view/CMS/JetID13TeVUL}},
  title        = {Jet Identification for the 13 {TeV} {UL} data},
}

@misc{CMS:JME_jetPuID,
  author       = {CMS JME POG},
  howpublished = {\url{https://twiki.cern.ch/twiki/bin/viewauth/CMS/PileupJetID}},
  title        = {Jet identification in high pile-up environment},
}

@article{Sirunyan:2017ezt,
      author         = "{Sirunyan, A. M. \textit{et. al.}}",
      title          = "Identification of heavy-flavour jets with the {CMS}
                        detector in pp collisions at 13 {TeV}",
      collaboration  = "CMS",
      journal        = "JINST",
      volume         = "13",
      year           = "2018",
      number         = "05",
      pages          = "P05011",
      doi            = "10.1088/1748-0221/13/05/P05011",
      eprint         = "1712.07158",
      archivePrefix  = "arXiv",
      primaryClass   = "physics.ins-det",
      reportNumber   = "CMS-BTV-16-002",
}

@misc{CMS-JME-TWIKI-FILTER,
  author = {{CMS JME POG}},
  howpublished = "\url{https://twiki.cern.ch/twiki/bin/view/CMS/MissingETOptionalFiltersRun2}"
}

@misc{CMS-MUO-TWIKI-IDLOOSE,
  author = {{CMS Muon POG}},
  howpublished = "\url{https://twiki.cern.ch/twiki/bin/view/CMS/SWGuideMuonIdRun2#Loose\_Muon}"
}

@misc{CMS-MUO-TWIKI-IDTIGHT,
  author = {{CMS Muon POG}},
  howpublished = "\url{https://twiki.cern.ch/twiki/bin/view/CMS/SWGuideMuonIdRun2#Tight\_Muon}"
}

@techreport{CMS-DP-2019-033,
       author        = "{CMS Collaboration}",
       title         = "{Performance of the DeepTau algorithm for the
                        discrimination of taus against jets, electron, and muons}",
       collaboration = "CMS",
       number        = "CMS-DP-2019-033",
       year          = "2019",
       type          = "CMS Physics Analysis Summary,",
       url           = "https://cds.cern.ch/record/2694158",
}

@article{Khachatryan:2015dfa,
      author         = "{Khachatryan, Vardan \textit{et. al.}}",
      title          = "{Reconstruction and identification of $\tau$ lepton decays to
                        hadrons and $\nu_\tau$ at CMS}",
      collaboration  = "CMS",
      journal        = "JINST",
      volume         = "11",
      year           = "2016",
      pages          = "P01019",
      doi            = "10.1088/1748-0221/11/01/P01019",
      eprint         = "1510.07488",
      archivePrefix  = "arXiv",
      primaryClass   = "physics.ins-det",
      reportNumber   = "CMS-TAU-14-001, CERN-PH-EP-2015-261",
}

@misc{taupog_twiki,
      author = {{CMS Tau POG}},
      howpublished   = "\url{https://twiki.cern.ch/twiki/bin/view/CMS/TauIDRecommendation13TeV#Measurement_in_Z_tautau_events}"
}

@article{CMS:EGM-14-001,
      author         = "{Khachatryan, Vardan \textit{et. al.}}",
      title          = "{Performance of photon reconstruction and identification 
                         with the CMS detector in proton-proton collisions at 
                         $\sqrt{s} = 8$ TeV}",
      collaboration  = "CMS",
      journal        = "JINST",
      volume         = "10",
      pages          = "P08010",
      doi            = "10.1088/1748-0221/10/08/P08010",
      year           = "2015",
      eprint         = "1502.02702",
      archivePrefix  = "arXiv",
      primaryClass   = "physics.ins-det",
      reportNumber   = "CMS-EGM-14-001, CERN-PH-EP-2015-006",
}

@misc{CMS-EGM-TWIKI-GAMID,
  author = {{CMS EGamma POG}},
  howpublished = "\url{https://twiki.cern.ch/twiki/bin/viewauth/CMS/CutBasedPhotonIdentificationRun2#SPRING15\_selections\_bunch\_crossi}"
}

@misc{pileup_twiki,
  author = {{CMS Lumi POG}},
  howpublished = "\url{https://twiki.cern.ch/twiki/bin/view/CMS/PileupJSONFileforData#Pileup_JSON_Files_For_Run_II}"
}

@misc{CMS-MUO-TWIKI-SF,
  author = {{CMS Muon POG}},
  howpublished = "\url{https://twiki.cern.ch/twiki/bin/view/CMS/MuonReferenceSelectionAndCalibrationsRun2}"
}

@misc{CMS:PrefiringTwiki,
  author       = {{CMS JME POG}},
  howpublished = {\url{https://twiki.cern.ch/twiki/bin/viewauth/CMS/L1ECALPrefiringWeightRecipe}},
  title        = {{Reweighting recipe to emulate Level 1 ECAL prefiring}},
}

@misc{CMS:PrefiringNanoAODTools,
  howpublished = {\url{https://github.com/cms-nanoAOD/nanoAOD-tools/blob/master/python/postprocessing/modules/common/PrefireCorr.py}},
  title        = {{Prefiring correction implementation in NanoAOD-Tools}},
}

@misc{HAWKGenerator,
      title = "{A Monte Carlo generator for the production of Higgs bosons attached to weak bosons (HAWK)}",
      url = "https://hawk.hepforge.org/"
}

@unpublished{DMTheory,
      author         = "{Lindert, J. M. \textit{et. al}}",
      title          = "{Precise predictions for V+jets dark matter backgrounds}",
      year           = "2017",
      eprint         = "1705.04664",
      archivePrefix  = "arXiv",
      primaryClass   = "hep-ph",
      reportNumber   = "CERN-TH-2017-102, CERN-LPCC-2017-02, IPPP-17-38,
                        --FERMILAB-PUB-17-152-T, ZU--TH-12-17",
}

@misc{AN-2017-267,
      title = "{Search for VBF Higgs boson decays to invisible particles with 2016 dataset}",
      authors = "{Abercrombie, Daniel \textit{et. al.}}",
      institution   = "CERN",
      note          = "CMS Analysis Note : AN-17-267",
      year          = "2017",
      url = "http://cms.cern.ch/iCMS/jsp/openfile.jsp?tp=draft&files=AN2017_267_v4.pdf"
}

@article{Sirunyan:2019kia,
      author         = "{Sirunyan, Albert M. \textit{et. al}}",
      title          = "{Performance of missing transverse momentum
                        reconstruction in proton-proton collisions at $\sqrt{s} =$
                        13 TeV using the CMS detector}",
      collaboration  = "CMS",
      journal        = "Submitted to: JINST",
      year           = "2019",
      eprint         = "1903.06078",
      archivePrefix  = "arXiv",
      primaryClass   = "hep-ex",
      reportNumber   = "CMS-JME-17-001, CERN-EP-2018-335",
}

@TECHREPORT{CMS_NOTE_2018-323,
     AUTHOR       = "{Lenzi, Pierguilio and Palmer, Christopher A. and Thomas-Wilsker, Joshuha \textit{et. al.}}",
     TITLE        = "{Performance of Flavour Tagging Algorithms at 13 TeV with 2018 data}",
     TYPE      = "CMS Note",
     NUMBER       = "2018/323",
     URL          = "http://cms.cern.ch/iCMS/jsp/db_notes/noteInfo.jsp?cmsnoteid=CMS%20AN-2018/323",
     YEAR         = "2019"
}

@article{VBFHinvAnalysisPaper,
  title = {{Search for invisible decays of the Higgs boson produced via vector boson fusion in proton-proton collisions at $\sqrt{s}=13$ TeV}},
  author = {CMS Collaboration},
  journal = {Phys. Rev. D},
  volume = {105},
  issue = {9},
  pages = {092007},
  numpages = {36},
  year = {2022},
  month = {May},
  publisher = {American Physical Society},
  doi = {10.1103/PhysRevD.105.092007},
  url = {https://link.aps.org/doi/10.1103/PhysRevD.105.092007}
}

@article{paper:PDF4LHC,
  author          = {Jon Butterworth et al.},
  journal         = {Journal of Physics G: Nuclear and Particle Physics},
  number          = {023001},
  title           = {{PDF4LHC recommendations for LHC Run II}},
  volume          = {43},
  year            = {2016},
}

@article{Khachatryan:2014gga,
      author         = "{Khachatryan, Vardan \textit{et. al.}}",
      title          = "{Performance of the CMS missing transverse momentum
                        reconstruction in pp data at $\sqrt{s}$ = 8 TeV}",
      collaboration  = "CMS",
      journal        = "JINST",
      volume         = "10",
      year           = "2015",
      pages          = "P02006",
      doi            = "10.1088/1748-0221/10/02/P02006",
      eprint         = "1411.0511",
      archivePrefix  = "arXiv",
      primaryClass   = "physics.ins-det",
      reportNumber   = "CMS-JME-13-003, CERN-PH-EP-2014-246",
}

@misc{jetMET_twiki,
  author = {{CMS JME}},
  howpublished = "\url{https://twiki.cern.ch/twiki/bin/view/CMS/JECUncertaintySources#Run_2_reduced_set_of_uncertainty}"
}

@misc{JME:JECRecommendations,
  author = {{CMS JetMET POG}},
  howpublished = "\url{https://twiki.cern.ch/twiki/bin/view/CMS/JECDataMC}",
}

@article{paper:VBF_HToInv_2016,
  author          = {CMS Collaboration},
  journal         = {Physics Letters B},
  title           = {{Search for invisible decays of a Higgs boson produced through vector boson fusion in proton-proton collisions at $\sqrt{s} = 13$ TeV}},
  volume          = {793},
  year            = {2019}
}

% CLs method
@article{Junk:1999kv,
  author         = "Junk, Thomas",
  title          = "Confidence level computation for combining searches with
                    small statistics",
  journal        = "Nucl. Instrum. Meth. A",
  volume         = "434",
  year           = "1999",
  pages          = "435",
  doi            = "10.1016/S0168-9002(99)00498-2",
  eprint         = "hep-ex/9902006",
  archivePrefix  = "arXiv",
  primaryClass   = "hep-ex",
  reportNumber   = "CARLETON-OPAL-PHYS-99-01, CERN-EP-99-041",
}


@article{Read:2002av,
  author   = "Read, A. L.",
  title    = "{Presentation of search results: the ${\textrm{CL}_{\textrm{s}}}$ technique}",
  journal  = "J. Phys. G",
  volume   = "28",
  pages    = "2693",
  doi      = "10.1088/0954-3899/28/10/313",
  year     = "2002",
}

@article{CMS:2021xjt,
  author = "{Sirunyan, Albert M. \textit{et. al.}}",
  collaboration = "CMS",
  title = "{Precision luminosity measurement in proton-proton collisions at $\sqrt{s} =$ 13 TeV in 2015 and 2016 at CMS}",
  eprint = "2104.01927",
  archivePrefix = "arXiv",
  primaryClass = "hep-ex",
  reportNumber = "CMS-LUM-17-003, CERN-EP-2021-033",
  doi = "10.1140/epjc/s10052-021-09538-2",
  journal = "Eur. Phys. J. C",
  volume = "81",
  OPTnumber = "9",
  pages = "800",
  year = "2021"
}


% Asymptotic formula
@article{Cowan:2010js,
      author         = "Cowan, Glen and Cranmer, Kyle and Gross, Eilam and
                        Vitells, Ofer",
      title          = "Asymptotic formulae for likelihood-based tests of new
                        physics",
      journal        = "Eur. Phys. J. C",
      volume         = "71",
      year           = "2011",
      pages          = "1554",
      doi            = "10.1140/epjc/s10052-011-1554-0",
      eprint         = "1007.1727",
      archivePrefix  = "arXiv",
      primaryClass   = "physics.data-an",
}

@article{Hoferichter:2017olk,
      author         = "Hoferichter, Martin and Klos, Philipp and Men{\'e}ndez, Javier and Schwenk, Achim",
      title          = "Improved Limits for {H}iggs-Portal Dark Matter from {LHC} Searches",
      journal        = "Phys. Rev. Lett.",
      volume         = "119",
      year           = "2017",
      pages          = "181803",
      doi            = "10.1103/PhysRevLett.119.181803",
      eprint         = "1708.02245",
      archivePrefix  = "arXiv",
      primaryClass   = "hep-ph",
      reportNumber   = "INT-PUB-17-031",
}

@unpublished{Heinemeyer:2013tqa,
      author         = "{LHC Higgs Cross Section Working Group}",
      title          = "Handbook of {LHC} {H}iggs cross sections: 3. {H}iggs
                        properties",
      doi            = "10.5170/CERN-2013-004",
      year           = "2013",
      eprint         = "1307.1347",
      archivePrefix  = "arXiv",
      primaryClass   = "hep-ph",
      reportNumber   = "CERN-2013-004, FERMILAB-CONF-13-667-T",
}

%Updated Direct detection Darkmatter - updated from https://github.com/AndreasAlbert/monojet-limitplot/blob/master/dmsimp/input/dd/refs.bib 09/08/2021
@article{Aprile:2018dbl,
    author = "{Aprile, E. \textit{et. al.}}",
    collaboration = "XENON",
    title = "Dark Matter Search Results from a One Ton-Year Exposure of {XENON1T}",
    eprint = "1805.12562",
    archivePrefix = "arXiv",
    primaryClass = "astro-ph.CO",
    doi = "10.1103/PhysRevLett.121.111302",
    journal = "Phys. Rev. Lett.",
    volume = "121",
    pages = "111302",
    year = "2018"
}

% Direct detection experiments
@article{Agnese:2015nto,
      author         = "{Agnese, R. \textit{et. al.}}",
      title          = "New Results from the Search for Low-Mass Weakly
                        Interacting Massive Particles with the {CDMS} Low Ionization
                        Threshold Experiment",
      collaboration  = "SuperCDMS",
      journal        = "Phys. Rev. Lett.",
      volume         = "116",
      year           = "2016",
      pages          = "071301",
      doi            = "10.1103/PhysRevLett.116.071301",
      eprint         = "1509.02448",
      archivePrefix  = "arXiv",
      primaryClass   = "astro-ph.CO",
      reportNumber   = "IPPP-15-56, DCTP-15-112, FERMILAB-PUB-15-394-AE",
}

@article{Angloher:2015ewa,
      author         = "{Angloher, G. \textit{et. al.}}",
      title          = "Results on light dark matter particles with a
                        low-threshold {CRESST-II} detector",
      collaboration  = "CRESST",
      journal        = "Eur. Phys. J. C",
      volume         = "76",
      year           = "2016",
      pages          = "25",
      doi            = "10.1140/epjc/s10052-016-3877-3",
      eprint         = "1509.01515",
      archivePrefix  = "arXiv",
      primaryClass   = "astro-ph.CO",
}

@article{Akerib:2016vxi,
      author         = "{Akerib, D. S. \textit{et. al.}}",
      title          = "Results from a Search for Dark Matter in the Complete {LUX} Exposure",
      collaboration  = "LUX",
      journal        = "Phys. Rev. Lett.",
      volume         = "118",
      year           = "2017",
      pages          = "021303",
      doi            = "10.1103/PhysRevLett.118.021303",
      eprint         = "1608.07648",
      archivePrefix  = "arXiv",
      primaryClass   = "astro-ph.CO",
}

@article{PandaX-4T:2021bab,
    author = "{Meng, Yue \textit{et. al.}}",
    collaboration = "PandaX-4T",
    title = "{Dark Matter Search Results from the PandaX-4T Commissioning Run}",
    eprint = "2107.13438",
    archivePrefix = "arXiv",
    primaryClass = "hep-ex",
    month = "7",
    year = "2021"
}

@article{Agnes:2018ves,
    author = "{Agnes, P. \textit{et. al.}}",
    collaboration = "DarkSide",
    title = "Low-Mass Dark Matter Search with the {DarkSide-50 Experiment}",
    eprint = "1802.06994",
    archivePrefix = "arXiv",
    primaryClass = "astro-ph.HE",
    reportNumber = "FERMILAB-PUB-18-048-AE-E-PPD",
    doi = "10.1103/PhysRevLett.121.081307",
    journal = "Phys. Rev. Lett.",
    volume = "121",
    pages = "081307",
    year = "2018"
}

@article{CMS:Phase2TrackerUpgrade,
  author          = {CMS Collaboration},
  journal         = {Nuclear Instruments and Methods in Physics Research Section A: Accelerators, Spectrometers, Detectors and Associated Equipment},
  title           = {{The CMS Tracker for the High Luminosity LHC}},
  volume          = {1048},
  year            = {2023}
}

@article{CMS:TrackerUpgradeStatus,
  author          = {CMS Collaboration, Luigi C.},
  journal         = {J. Phys.: Conf. Ser.},
  number          = {1690},
  title           = {{Status of the Phase-2 Tracker Upgrade of the CMS experiment at the HL-LHC}},
  year            = {2020}
}

@article{CMS:ApolloPaper,
  author          = {A. Albert \textit{et. al.}},
  journal         = {arXiv:1911.06452},
  title           = {{The Apollo ATCA Platform}},
  year            = {2020}
}

@article{CMS:SerenityPaper,
  author          = {A. Rose \textit{et. al.}},
  journal         = {PoS Proc. Sci.},
  title           = {{Serenity: An ATCA prototyping platform for CMS Phase-2}},
  year            = {2019}
}

@article{Calligaris:OpenIPMC,
    author = "{L. Calligaris \textit{et. al}}",
    title = "{OpenIPMC: A Free and Open-Source Intelligent Platform Management Controller Software}",
    eprint = "2011.01088",
    archivePrefix = "arXiv",
    primaryClass = "physics.ins-det",
    doi = "10.1109/TNS.2021.3092689",
    journal = "IEEE Trans. Nucl. Sci.",
    volume = "68",
    number = "8",
    pages = "2105--2112",
    year = "2021"
}

@manual{PICMG:ATCA,
  author       = {PICMG},
  title        = {PICMG 3.0 - AdvancedTCA Base Specification}
}

@article{CMS:ParticleNetPaper,
  author          = {Huilin Qu, Loukas Gouskos},
  journal         = {arXiv:1902.08570},
  title           = {{ParticleNet: Jet Tagging via Particle Clouds}},
  year            = {2020}
}

@article{Wang:DynamicGraphCNNPaper,
  author          = {Yue Wang \textit{et. al.}},
  journal         = {arXiv:1801.07829},
  title           = {{Dynamic Graph CNN for Learning on Point Clouds}},
  year            = {2019}
}